@misc{mauleonamieva2019competing,
    title={Competing Active and Passive Interactions Drive Amoeba-like Living Crystallites and Ordered Bands},
    author={Abraham Mauleon-Amieva and Majid Mosayebi and James E. Hallett and Francesco Turci and Tanniemola B. Liverpool and Jeroen S. van Duijneveldt and C. Patrick Royall},
    year={2019},
    eprint={1907.11257},
    archivePrefix={arXiv},
    primaryClass={cond-mat.soft}
}