@FOOTNOTE{Note1,key="Note1",note="With $\epsilon $ re-scaled by temperature and length in terms of the potential minimum (\protect \textbf  {not} the zero of the potential conventionally denoted by $\sigma $)."}
@FOOTNOTE{Note2,key="Note2",note="using secant-method of root finding in SciPy"}
