@FOOTNOTE{Note1,key="Note1",note="I have been a bit sloppy in changing the arguments of the function freely without changing the function name, but it should be clear from context what is meant."}
