@incollection{LEE198895,
title = "CHAPTER V - MICROTHERMODYNAMICS",
editor = "Lloyd L. Lee",
booktitle = "Molecular Thermodynamics of Nonideal Fluids",
publisher = "Butterworth-Heinemann",
pages = "95 - 131",
year = "1988",
isbn = "978-0-409-90088-0",
doi = "https://doi.org/10.1016/B978-0-409-90088-0.50009-6",
url = "http://www.sciencedirect.com/science/article/pii/B9780409900880500096",
author = "Lloyd L. Lee"
}

@misc{mauleonamieva2019competing,
    title={Competing Active and Passive Interactions Drive Amoeba-like Living Crystallites and Ordered Bands},
    author={Abraham Mauleon-Amieva and Majid Mosayebi and James E. Hallett and Francesco Turci and Tanniemola B. Liverpool and Jeroen S. van Duijneveldt and C. Patrick Royall},
    year={2019},
    eprint={1907.11257},
    archivePrefix={arXiv},
    primaryClass={cond-mat.soft}
}

@misc{liverpool2018nonequilibrium,
    title={Non-equilibrium systems have steady-state distributions and non-steady dynamics},
    author={Tanniemola B. Liverpool},
    year={2018},
    eprint={1810.10980},
    archivePrefix={arXiv},
    primaryClass={cond-mat.soft}
}