@FOOTNOTE{Note1,key="Note1",note="AND LATER HOPEFULLY BE ABLE TO SHOW"}
